<record><leader>00000cas a2200000 a 4500</leader><controlfield tag="001">47045845</controlfield><controlfield tag="008">010531d19731974cauwr ne      0    0eng c</controlfield><datafield ind1=" " ind2=" " tag="010"><subfield code="a">sn2001060317</subfield></datafield><datafield ind1=" " ind2=" " tag="040"><subfield code="a">CNK</subfield><subfield code="b">eng</subfield><subfield code="c">CNK</subfield><subfield code="d">OCLCQ</subfield><subfield code="d">OCLCF</subfield><subfield code="d">OCLCO</subfield></datafield><datafield ind1="1" ind2=" " tag="029"><subfield code="a">AU@</subfield><subfield code="b">000022746081</subfield></datafield><datafield ind1=" " ind2=" " tag="042"><subfield code="a">pcc</subfield></datafield><datafield ind1=" " ind2=" " tag="043"><subfield code="a">n-us-ca</subfield></datafield><datafield ind1="0" ind2="0" tag="245"><subfield code="a">Loma Linda bulletin San Bernardino Valley news.</subfield></datafield><datafield ind1="3" ind2=" " tag="246"><subfield code="a">Bulletin-news</subfield></datafield><datafield ind1="1" ind2="3" tag="246"><subfield code="a">Loma Linda bulletin</subfield></datafield><datafield ind1=" " ind2=" " tag="260"><subfield code="a">Loma Linda, Calif. :</subfield><subfield code="b">Charles R. Wear</subfield></datafield><datafield ind1=" " ind2=" " tag="300"><subfield code="a">v.</subfield></datafield><datafield ind1=" " ind2=" " tag="310"><subfield code="a">Weekly</subfield></datafield><datafield ind1="0" ind2=" " tag="362"><subfield code="a">Vol. 33, no. 7 (Sept. 12, 1973)-</subfield></datafield><datafield ind1="1" ind2=" " tag="362"><subfield code="a">Ceased in 1974.</subfield></datafield><datafield ind1=" " ind2=" " tag="500"><subfield code="a">"Loma Linda" appears in small print above "Bulletin" and "San Bernardino Valley" appears in small print above "News."</subfield></datafield><datafield ind1=" " ind2="0" tag="651"><subfield code="a">Loma Linda (Calif.)</subfield><subfield code="v">Newspapers.</subfield></datafield><datafield ind1=" " ind2="0" tag="651"><subfield code="a">San Bernardino (Calif.)</subfield><subfield code="v">Newspapers.</subfield></datafield><datafield ind1=" " ind2="7" tag="655"><subfield code="a">Newspapers.</subfield><subfield code="2">fast</subfield><subfield code="0">(OCoLC)fst01423814</subfield></datafield><datafield ind1=" " ind2="7" tag="651"><subfield code="a">California</subfield><subfield code="z">Loma Linda.</subfield><subfield code="2">fast</subfield><subfield code="0">(OCoLC)fst01206105</subfield></datafield><datafield ind1=" " ind2="7" tag="651"><subfield code="a">California</subfield><subfield code="z">San Bernardino.</subfield><subfield code="2">fast</subfield><subfield code="0">(OCoLC)fst01212915</subfield></datafield><datafield ind1=" " ind2=" " tag="752"><subfield code="a">United States</subfield><subfield code="b">California</subfield><subfield code="c">San Bernardino</subfield><subfield code="d">Loma Linda.</subfield></datafield><datafield ind1="0" ind2="4" tag="780"><subfield code="t">San Bernardino Valley news</subfield><subfield code="w">(DLC)sn 96064327</subfield></datafield><datafield ind1="0" ind2="4" tag="780"><subfield code="t">Loma Linda bulletin</subfield><subfield code="w">(DLC)sn 97060369</subfield></datafield><datafield ind1="0" ind2="0" tag="785"><subfield code="t">Loma Linda bulletin (Loma Linda, Calif. : 1974)</subfield><subfield code="w">(DLC)sn2001060318</subfield></datafield></record>